@BOOK{SDNBook,
  AUTHOR        = "{Nadeau, Thomas D.}",
  TITLE         = "SDN: Software Defined Networks",
  publisher     = "O'Reilly Media; 1 edition (September 7, 2013)"
}

@misc{RyuBook,
  TITLE         = "RYU SDN Framework",
  URL           = "http://osrg.github.io/ryu-book/en/Ryubook.pdf",
  YEAR          = "2014"
}

@misc{OpenflowSwitchSpecification1-3,
  TITLE         = "OpenFlow Switch Specification, Version 1.3.1 (Wire Protocol 0x04)",
  URL           = "https://www.opennetworking.org/images/stories/downloads/sdn-resources/onf-specifications/openflow/openflow-spec-v1.3.1.pdf",
  YEAR          = "September 6, 2012"
}

@misc{OpenflowSwitchSpecification1-1,
  TITLE         = "OpenFlow Switch Specification, Version 1.1.0 Implemented (Wire Protocol 0x02)",
  URL           = "http://archive.openflow.org/documents/openflow-spec-v1.1.0.pdf",
  YEAR          = "February 28, 2011"
}
